%% This BibTeX bibliography file was created using BibDesk.
%% http://bibdesk.sourceforge.net/

%% Created for Hedison Sato at 2017-09-14 08:08:40 -0300 


%% Saved with string encoding Unicode (UTF-8) 


@string{gexpl = {Geoexploration}}
@string{gprosp = {Geoph. Prosp.}}
@string{gs = {Geophysics}}
@string{pag = {Pure Appl. Geophys.}}

@string{tipogeof={Dissert. de {M}estrado em {G}eofísica}}
@string{instufba={Universidade Federal da Bahia}}

@string{tipogeof={Trabalho de {G}raduação em {G}eofísica}}
@string{instufba={Universidade Federal da Bahia}}

@string{tipogeof={Trabalho de {G}raduação em {G}eofísica}}
@string{instufba={Universidade Federal da Bahia}}

@string{tipogeof={Tese de {D}outorado em {G}eofísica}}
@string{instufba={Universidade Federal da Bahia}}


@article{sato-sampaio1980,
	Author = {Hedison Kiuity Sato and Edson E. S. Sampaio},
	Date-Added = {2016-08-08 13:15:09 +0000},
	Date-Modified = {2016-08-08 13:17:59 +0000},
	Doi = {10.1111/j.1365-2478.1980.tb01273.x},
	Issn = {1365-2478},
	Journal = {Geophysical Prospecting},
	Number = {6},
	Pages = {967--976},
	Publisher = {Blackwell Publishing Ltd},
	Title = {Electrical sounding of a half space with a monotonic continuous variation of the resistivity with depth},
	Url = {http://dx.doi.org/10.1111/j.1365-2478.1980.tb01273.x},
	Volume = {28},
	Year = {1980},
	Bdsk-Url-1 = {http://dx.doi.org/10.1111/j.1365-2478.1980.tb01273.x}}

@book{TELFORD76,
	Address = {Cambridge},
	Author = {W. M. Telford and L. P. Geldart and R. E. Sheriff and D. A. Keys},
	Date-Added = {2016-08-08 13:56:43 +0000},
	Date-Modified = {2016-08-08 13:56:43 +0000},
	Publisher = {Cambridge Un. Press},
	Title = {Applied Geophysics},
	Year = 1976}


@incollection{WARD67,
	Address = {Tulsa, Oklahoma},
	Author = {S. H. Ward},
	Booktitle = {Mining Geophysics},
	Chapter = 2,
	Date-Added = {2016-08-08 13:57:08 +0000},
	Date-Modified = {2016-08-08 13:57:37 +0000},
	Organization = {SEG},
	Part = {C},
	Publisher = {Society of Exploration Geophysicists},
	Title = {Electromagnetic theory for geophysical application},
	Volume = {II},
	Year = 1967
}

@manual{phoenix-system2000,
	Address = {Toronto, CA},
	Author = {{Phoenix Geophysics}},
	Edition = {v.3},
	Note = {V8 Multifunction Receiver, RXU-3 Receiver, RXU-TM Transmitter Monitor},
	Organization = {Phoenix Geophysics Ltd},
	Title = {System 2000.net User Guide},
	Year = 2006}


@mastersthesis{SATO79,
	Address = {Salvador, Brasil},
	Author = {H\'edison Kiuity Sato},
	Month = dec,
	School = instufba,
	Title = {M\'etodo eletromagn\'etico para interpreta\c{c}\~ao de polariza\c{c}\~ao induzida e resistividade, usando o prot\'otipo de um sistema a multi-freq\"u\^encia},
	Type = tipogeof,
	Year = 1979}

@misc{sato2018,
	Author = {Sato, H. K.},
	Date-Added = {2018-02-05 10:29:28 +0000},
	Date-Modified = {2018-02-05 10:33:09 +0000},
	Howpublished = {Instituto de Geoci{\^e}ncias, UFBA, Brasil},
	Title = {Comunica{\c c}{\~a}o pessoal.},
	Year = {2018}}



@inproceedings{SATO1993,
	Address = {Rio de Janeiro},
	Author = {H\'edison Kiuity Sato},
	Booktitle = {Resumos Expandidos, 3o.\ Congr.\ Intern.\ da SBGf},
	Date-Added = {2016-08-08 13:55:53 +0000},
	Date-Modified = {2016-08-08 13:55:53 +0000},
	Month = {07-11/novembro},
	Organization = {SBGf},
	Pages = {1358-1362},
	Title = {Potencial el\'etrico devido a uma fonte de corrente no interior de um semi-espa{\c c}o heterog{\^e}neo},
	Volume = 1,
	Year = 1993}


@techreport{URASAKI2007,
	Author = {Eduardo Naomitsu Agapito Urasaki},
	Title = {Indução eletromagnética multi-frequência de um modelo esférico condutor e permeável no intervalo da aproximação quase estática},
	Type = tipogeof,
	Year = 2007,
	Institution = instufba,
	Month = aug,
	Address = {Salvador, Brasil}
	}

@techreport{ANDERSON1975,
	Author = {Walter L. Anderson},
	Institution = {US Geolog. Survey},
	Number = {PB 242 800},
	Title = {Improved digital filters for evaluating {F}ourier 
	  and {H}ankel transform integrals},
	Year = {1975}}

@phdthesis{DIAS68,
	Address = {Berkeley},
	Author = {Carlos Alberto Dias},
	School = {University of California},
	Title = {A non-grounded method for measuring induced electrical polarization and conductivity},
	Type = {Ph. {D}. {T}hesis},
	Year = 1968}



@misc{python,
	Author = {Python},
	Date-Added = {2017-01-28 14:22:43 +0000},
	Date-Modified = {2017-01-28 14:22:43 +0000},
	Howpublished = {https://www.python.org/, Acessado em 28-jan-2017},
	Title = {Python},
	Year = {2017}}

@misc{f2py,
	Author = {SciPy},
	Date-Added = {2017-01-28 14:18:22 +0000},
	Date-Modified = {2017-01-28 14:24:06 +0000},
	Howpublished = {https://docs.scipy.org/doc/numpy-dev/f2py/, Acessado em 28-jan-2017},
	Title = {{F2PY} {U}sers {G}uide and {R}eference {M}anual},
	Year = {2017}}

@misc{python,
	Author = {Python},
	Date-Added = {2017-01-28 14:22:43 +0000},
	Date-Modified = {2017-01-28 14:22:43 +0000},
	Howpublished = {https://www.python.org/, Acessado em 28-jan-2017},
	Title = {Python},
	Year = {2017}}

@misc{inkscape,
	Author = {Inkscape},
	Date-Added = {2017-01-28 14:16:55 +0000},
	Date-Modified = {2017-01-28 14:16:55 +0000},
	Howpublished = {https://inkscape.org/en/, Acessado em 28-jan-2017},
	Title = {{INKSCAPE} {D}raw {F}reely},
	Year = {2017}}

@misc{matplotlib,
	Author = {Matplotlib},
	Date-Added = {2017-01-28 13:51:03 +0000},
	Date-Modified = {2017-01-28 14:21:44 +0000},
	Howpublished = {http://matplotlib.org/, Acessado em 28-jan-2017},
	Title = {Matplotlib},
	Year = {2017}}
