@string{instufba={Universidade Federal da Bahia}}
@string{tipogeof={Dissert. de {M}estrado em {G}eofísica}}
@string{tipogeof={Trabalho de {G}raduação em {G}eofísica}}
@string{tipogeof={Tese de {D}outorado em {G}eofísica}}


@article{rashevsky1938contribution,
  title={Contribution to the mathematical biophysics of visual perception with special reference to the theory of aesthetic values of geometrical patterns},
  author={Rashevsky, N},
  journal={Psychometrika},
  volume={3},
  number={4},
  pages={253--271},
  year={1938},
  publisher={Springer}
}

@article{mcculloch1943logical,
  title={A logical calculus of the ideas immanent in nervous activity},
  author={McCulloch, Warren S and Pitts, Walter},
  journal={The bulletin of mathematical biophysics},
  volume={5},
  number={4},
  pages={115--133},
  year={1943},
  publisher={Springer}
}

@article{rosenblatt1958perceptron,
  title={The perceptron: a probabilistic model for information storage and organization in the brain.},
  author={Rosenblatt, Frank},
  journal={Psychological review},
  volume={65},
  number={6},
  pages={386},
  year={1958},
  publisher={American Psychological Association}
}


@article{hopfield1982neural,
  title={Neural networks and physical systems with emergent collective computational abilities},
  author={Hopfield, John J},
  journal={Proceedings of the national academy of sciences},
  volume={79},
  number={8},
  pages={2554--2558},
  year={1982},
  publisher={National Acad Sciences}
}

@misc{rummelhart1986parallel,
  title={Parallel distributed processing},
  author={Rummelhart, David E and McClelland, James L and PDP Research Group and others},
  year={1986},
  publisher={MIT press Cambridge}
}

@article{rumelhart1986learning,
  title={Learning representations by back-propagating errors},
  author={Rumelhart, David E and Hinton, Geoffrey E and Williams, Ronald J},
  journal={nature},
  volume={323},
  number={6088},
  pages={533--536},
  year={1986},
  publisher={Nature Publishing Group}
}

@techreport{jordan1986serial,
  title={Serial order: a parallel distributed processing approach. Technical report, June 1985-March 1986},
  author={Jordan, MI},
  year={1986},
  institution={California Univ., San Diego, La Jolla (USA). Inst. for Cognitive Science}
}

@article{elman1990finding,
  title={Finding structure in time},
  author={Elman, Jeffrey L},
  journal={Cognitive science},
  volume={14},
  number={2},
  pages={179--211},
  year={1990},
  publisher={Wiley Online Library}
}

@book{griewank2008evaluating,
  title={Evaluating derivatives: principles and techniques of algorithmic differentiation},
  author={Griewank, Andreas and Walther, Andrea},
  year={2008},
  publisher={SIAM}
}

@book{james2013introduction,
  title={An introduction to statistical learning},
  author={James, Gareth and Witten, Daniela and Hastie, Trevor and Tibshirani, Robert},
  volume={112},
  year={2013},
  publisher={Springer}
}

@book{kim2006univariate,
  title={Univariate and multivariate general linear models: theory and applications with SAS},
  author={Kim, Kevin and Timm, Neil},
  year={2006},
  publisher={CRC Press}
}

@article{nguyen2020exploration,
  title={Exploration and Implementation of Neural Ordinary Differential Equations},
  author={Nguyen, Long Huu and Malinsky, Andy},
  year={2020}
}

@article{lecun1989backpropagation,
  title={Backpropagation applied to handwritten zip code recognition},
  author={LeCun, Yann and Boser, Bernhard and Denker, John S and Henderson, Donnie and Howard, Richard E and Hubbard, Wayne and Jackel, Lawrence D},
  journal={Neural computation},
  volume={1},
  number={4},
  pages={541--551},
  year={1989},
  publisher={MIT Press}
}

@article{curry1944method,
  title={The method of steepest descent for non-linear minimization problems},
  author={Curry, Haskell B},
  journal={Quarterly of Applied Mathematics},
  volume={2},
  number={3},
  pages={258--261},
  year={1944}
}

@mastersthesis{santos2013inversao,
  Address = {Salvador, Brasil},
  School = {Universidade Federal da Bahia},
  Author = {Adriano Wagner Gomes dos Santos},
  Year = 2013,
  Month = nov,
  Title = {Invers\~{a}o de forma de onda aplicada \`{a} an\'{a}lise de velocidades s\'{\i}smicas utilizando uma abordagem multiescala},
  Type = {Disserta\c{c}\~{a}o de {M}estrado em {G}eof\'{\i}sica}
}


@mastersthesis{koehne2018fwi,
  Address = {Salvador, Brasil},
  School = {Universidade Federal da Bahia},
  Author = {Victor Koehne},
  Year = 2018,
  Month = mar,
  Title = {FWI multiescala: uma implementa\c{c}\~{a}o em GPU},
  Type = {Disserta\c{c}\~{a}o de {M}estrado em {G}eof\'{\i}sica}
}

@phdthesis{andrade2017imageamento,
  Address = {Salvador, Brasil},
  School = {Universidade Federal da Bahia},
  Author = {Prot\'{a}sio Nery Andrade},
  Year = 2017,
  Month = nov,
  Title = {Imageamento s\'{\i}smico atrav\'{e}s do m\'{e}todo de expans\~{a}o r\'{a}pida nos dom\'{\i}nios do tempo e da frequ\^{e}ncia},
  Type = {Tese de {D}outorado em {G}eof\'{\i}sica}
}

@article{baydin2018automatic,
  title={Automatic differentiation in machine learning: a survey},
  author={Baydin, Atilim Gunes and Pearlmutter, Barak A and Radul, Alexey Andreyevich and Siskind, Jeffrey Mark},
  journal={Journal of machine learning research},
  volume={18},
  year={2018},
  publisher={Journal of Machine Learning Research}
}

@article{cerjan1985nonreflecting,
  title={A nonreflecting boundary condition for discrete acoustic and elastic wave equations},
  author={Cerjan, Charles and Kosloff, Dan and Kosloff, Ronnie and Reshef, Moshe},
  journal={Geophysics},
  volume={50},
  number={4},
  pages={705--708},
  year={1985},
  publisher={Society of Exploration Geophysicists}
}

@article{lines1999recipe,
  title={A recipe for stability of finite-difference wave-equation computations},
  author={Lines, Larry R and Slawinski, Raphael and Bording, R Phillip},
  journal={Geophysics},
  volume={64},
  number={3},
  pages={967--969},
  year={1999},
  publisher={Society of Exploration Geophysicists}
}

@article{wu1996analysis,
  title={Analysis of higher-order, finite-difference schemes in 3-D reverse-time migration},
  author={Wu, Wen-Jing and Lines, Larry R and Lu, Han-Xing},
  journal={Geophysics},
  volume={61},
  number={3},
  pages={845--856},
  year={1996},
  publisher={Society of Exploration Geophysicists}
}

@article{carcione2010generalization,
  title={A generalization of the Fourier pseudospectral method},
  author={Carcione, Jos{\'e} M},
  journal={Geophysics},
  volume={75},
  number={6},
  pages={A53--A56},
  year={2010},
  publisher={Society of Exploration Geophysicists}
}

@incollection{pestana2009rapid,
  title={Rapid expansion method ({REM}) for time-stepping in reverse time migration ({RTM})},
  author={Pestana, Reynam C and Stoffa, Paul L},
  booktitle={SEG Technical Program Expanded Abstracts 2009},
  pages={2819--2823},
  year={2009},
  publisher={Society of Exploration Geophysicists}
}

@article{carcione2002seismic,
  title={Seismic modeling},
  author={Carcione, Jose M and Herman, G{\'e}rard C and Ten Kroode, APE},
  journal={Geophysics},
  volume={67},
  number={4},
  pages={1304--1325},
  year={2002},
  publisher={Society of Exploration Geophysicists}
}

@article{tarantola1984linearized,
  title={Linearized inversion of seismic reflection data},
  author={Tarantola, Albert},
  journal={Geophysical prospecting},
  volume={32},
  number={6},
  pages={998--1015},
  year={1984},
  publisher={Wiley Online Library}
}

@article{fichtner2006adjoint,
  title={The adjoint method in seismology: I. Theory},
  author={Fichtner, Andreas and Bunge, H-P and Igel, Heiner},
  journal={Physics of the Earth and Planetary Interiors},
  volume={157},
  number={1-2},
  pages={86--104},
  year={2006},
  publisher={Elsevier}
}

@article{johnson2012notes,
  title={Notes on adjoint methods for 18.335},
  author={Johnson, Steven G},
  journal={Introduction to Numerical Methods},
  year={2012}
}

@article{yao2020review,
  title={A review on reflection-waveform inversion},
  author={Yao, Gang and Wu, Di and Wang, Shang-Xu},
  journal={Petroleum Science},
  volume={17},
  number={2},
  pages={334--351},
  year={2020},
  publisher={Springer}
}

@incollection{biondi1999wave,
  title={Wave-equation migration velocity analysis},
  author={Biondi, Biondo and Sava, Paul},
  booktitle={SEG Technical Program Expanded Abstracts 1999},
  pages={1723--1726},
  year={1999},
  publisher={Society of Exploration Geophysicists}
}

@article{virieux2009overview,
  title={An overview of full-waveform inversion in exploration geophysics},
  author={Virieux, Jean and Operto, St{\'e}phane},
  journal={Geophysics},
  volume={74},
  number={6},
  pages={WCC1--WCC26},
  year={2009},
  publisher={Society of Exploration Geophysicists}
}

@software{jax2018github,
  author = {James Bradbury and Roy Frostig and Peter Hawkins and Matthew James Johnson and Chris Leary and Dougal Maclaurin and George Necula and Adam Paszke and Jake Vander{P}las and Skye Wanderman-{M}ilne and Qiao Zhang},
  title = {{JAX}: composable transformations of {P}ython+{N}um{P}y programs},
  url = {http://github.com/google/jax},
  version = {0.2.5},
  year = {2018},
}

@software{abadi2015tensorflow,
  author = {Abadi, Martín and Agarwal, Ashish and Barham, Paul and Brevdo, Eugene and Chen, Zhifeng and Citro, Craig and Corrado, Greg S. and Davis, Andy and Dean, Jeffrey and Devin, Matthieu and Ghemawat, Sanjay and Goodfellow, Ian and Harp, Andrew and Irving, Geoffrey and Isard, Michael and Jozefowicz, Rafal and Jia, Yangqing and Kaiser, Lukasz and Kudlur, Manjunath and Levenberg, Josh and Mané, Dan and Schuster, Mike and Monga, Rajat and Moore, Sherry and Murray, Derek and Olah, Chris and Shlens, Jonathon and Steiner, Benoit and Sutskever, Ilya and Talwar, Kunal and Tucker, Paul and Vanhoucke, Vincent and Vasudevan, Vijay and Viégas, Fernanda and Vinyals, Oriol and Warden, Pete and Wattenberg, Martin and Wicke, Martin and Yu, Yuan and Zheng, Xiaoqiang},
  doi = {10.5281/zenodo.4724125},
  license = {Apache-2.0},
  month = {11},
  title = {{TensorFlow, Large-scale machine learning on heterogeneous systems}},
  year = {2015}
}

@article{richardson2018seismic,
  title={Seismic full-waveform inversion using deep learning tools and techniques},
  author={Richardson, Alan},
  journal={arXiv preprint arXiv:1801.07232},
  year={2018}
}

@article{wang2021elastic,
  title={Elastic isotropic and anisotropic full-waveform inversions using automatic differentiation for gradient calculations in a framework of recurrent neural networks},
  author={Wang, Wenlong and McMechan, George A and Ma, Jianwei},
  journal={Geophysics},
  volume={86},
  number={6},
  pages={R795--R810},
  year={2021},
  publisher={Society of Exploration Geophysicists}
}

@article{ren2020physics,
  title={A physics-based neural-network way to perform seismic full waveform inversion},
  author={Ren, Yuxiao and Xu, Xinji and Yang, Senlin and Nie, Lichao and Chen, Yangkang},
  journal={IEEE Access},
  volume={8},
  pages={112266--112277},
  year={2020},
  publisher={IEEE}
}

@inproceedings{ciresan2011flexible,
  title={Flexible, high performance convolutional neural networks for image classification},
  author={Ciresan, Dan Claudiu and Meier, Ueli and Masci, Jonathan and Gambardella, Luca Maria and Schmidhuber, J{\"u}rgen},
  booktitle={Twenty-second international joint conference on artificial intelligence},
  year={2011}
}

@article{bernal2021accelerating,
  title={Accelerating full-waveform inversion through adaptive gradient optimization methods and dynamic simultaneous sources},
  author={Bernal-Romero, Marcos and Iturrar{\'a}n-Viveros, Ursula},
  journal={Geophysical Journal International},
  volume={225},
  number={1},
  pages={97--126},
  year={2021},
  publisher={Oxford University Press}
}

@article{chen2018neural,
  title={Neural ordinary differential equations},
  author={Chen, Ricky TQ and Rubanova, Yulia and Bettencourt, Jesse and Duvenaud, David},
  journal={arXiv preprint arXiv:1806.07366},
  year={2018}
}

@article{murtagh2003multilayer,
  title={Multilayer perceptrons and regression for classification},
  author={Murtagh, F},
  year={2003}
}

@book{deisenroth2020mathematics,
  title={Mathematics for machine learning},
  author={Deisenroth, Marc Peter and Faisal, A Aldo and Ong, Cheng Soon},
  year={2020},
  publisher={Cambridge University Press}
}

@inproceedings{brougois1990marmousi,
  title={Marmousi, model and data},
  author={Brougois, A and Bourget, Marielle and Lailly, Patriek and Poulet, Michel and Ricarte, Patrice and Versteeg, Roelof},
  booktitle={EAEG workshop-practical aspects of seismic data inversion},
  pages={cp--108},
  year={1990},
  organization={European Association of Geoscientists \& Engineers}
}

@article{karimpouli2020physics,
  title={Physics informed machine learning: Seismic wave equation},
  author={Karimpouli, Sadegh and Tahmasebi, Pejman},
  journal={Geoscience Frontiers},
  volume={11},
  number={6},
  pages={1993--2001},
  year={2020},
  publisher={Elsevier}
}

@inproceedings{sun2019bert4rec,
  title={BERT4Rec: Sequential recommendation with bidirectional encoder representations from transformer},
  author={Sun, Fei and Liu, Jun and Wu, Jian and Pei, Changhua and Lin, Xiao and Ou, Wenwu and Jiang, Peng},
  booktitle={Proceedings of the 28th ACM international conference on information and knowledge management},
  pages={1441--1450},
  year={2019}
}

@article{devlin2018bert,
  title={Bert: Pre-training of deep bidirectional transformers for language understanding},
  author={Devlin, Jacob and Chang, Ming-Wei and Lee, Kenton and Toutanova, Kristina},
  journal={arXiv preprint arXiv:1810.04805},
  year={2018}
}

@article{castelvecchi2016can,
  title={Can we open the black box of {AI}?},
  author={Castelvecchi, Davide},
  journal={Nature News},
  volume={538},
  number={7623},
  pages={20},
  year={2016}
}

@article{wardi1988stochastic,
  title={A stochastic steepest-descent algorithm},
  author={Wardi, Y},
  journal={Journal of optimization theory and applications},
  volume={59},
  number={2},
  pages={307--323},
  year={1988},
  publisher={Springer}
}

@article{virieux2011review,
  title={A review of the spectral, pseudo-spectral, finite-difference and finite-element modelling techniques for geophysical imaging},
  author={Virieux, Jean and Calandra, Henri and Plessix, Ren{\'e}-{\'E}douard},
  journal={Geophysical Prospecting},
  volume={59},
  number={Modelling Methods for Geophysical Imaging: Trends and Perspectives},
  pages={794--813},
  year={2011},
  publisher={European Association of Geoscientists \& Engineers}
}

@article{sun2019deep,
  title={A deep learning perspective of the forward and inverse problems in exploration geophysics},
  author={Sun, Jian and Niu, Zhan and Innanen, KAH and Li, Junxiao and Trad, Daniel},
  journal={CSEG Geoconvention},
  year={2019}
}

@incollection{sun2019theory,
  title={A theory-guided deep learning formulation of seismic waveform inversion},
  author={Sun, Jian and Niu, Zhan and Innanen, Kristopher A and Li, Junxiao and Trad, Daniel O},
  booktitle={SEG Technical Program Expanded Abstracts 2019},
  pages={2343--2347},
  year={2019},
  publisher={Society of Exploration Geophysicists}
}

@inproceedings{hu2020solving,
  title={Solving Time Domain Electromagnetic Problems using a Differentiable Programming Platform},
  author={Hu, Yanyan and Jin, Yuchen and Wu, Xuqing and Chen, Jiefu},
  booktitle={2020 IEEE USNC-CNC-URSI North American Radio Science Meeting (Joint with AP-S Symposium)},
  pages={181--182},
  year={2020},
  organization={IEEE}
}

@article{moseley2020solving,
  title={Solving the wave equation with physics-informed deep learning},
  author={Moseley, Ben and Markham, Andrew and Nissen-Meyer, Tarje},
  journal={arXiv preprint arXiv:2006.11894},
  year={2020}
}

@article{raissi2019physics,
  title={Physics-informed neural networks: A deep learning framework for solving forward and inverse problems involving nonlinear partial differential equations},
  author={Raissi, Maziar and Perdikaris, Paris and Karniadakis, George E},
  journal={Journal of Computational Physics},
  volume={378},
  pages={686--707},
  year={2019},
  publisher={Elsevier}
}

@article{kingma2014adam,
  title={Adam: A method for stochastic optimization},
  author={Kingma, Diederik P and Ba, Jimmy},
  journal={arXiv preprint arXiv:1412.6980},
  year={2014}
}

@article{duchi2011adaptive,
  title={Adaptive subgradient methods for online learning and stochastic optimization.},
  author={Duchi, John and Hazan, Elad and Singer, Yoram},
  journal={Journal of machine learning research},
  volume={12},
  number={7},
  year={2011}
}

@article{tieleman2012lecture,
  title={Lecture 6.5-rmsprop, coursera: Neural networks for machine learning},
  author={Tieleman, Tijmen and Hinton, Geoffrey},
  journal={University of Toronto, Technical Report},
  year={2012}
}

@article{robbins1951stochastic,
  title={A stochastic approximation method},
  author={Robbins, Herbert and Monro, Sutton},
  journal={The annals of mathematical statistics},
  pages={400--407},
  year={1951},
  publisher={JSTOR}
}

@article{bottou2018optimization,
  title={Optimization methods for large-scale machine learning},
  author={Bottou, L{\'e}on and Curtis, Frank E and Nocedal, Jorge},
  journal={Siam Review},
  volume={60},
  number={2},
  pages={223--311},
  year={2018},
  publisher={SIAM}
}

@article{kosloff1982forward,
  title={Forward modeling by a Fourier method},
  author={Kosloff, Dan D and Baysal, Edip},
  journal={Geophysics},
  volume={47},
  number={10},
  pages={1402--1412},
  year={1982},
  publisher={Society of Exploration Geophysicists}
}

@article{bunks1995multiscale,
  title={Multiscale seismic waveform inversion},
  author={Bunks, Carey and Saleck, Fatimetou M and Zaleski, S and Chavent, G},
  journal={Geophysics},
  volume={60},
  number={5},
  pages={1457--1473},
  year={1995},
  publisher={Society of Exploration Geophysicists}
}

@article{cramer2002origins,
  title={The origins of logistic regression},
  author={Cramer, Jan Salomon},
  year={2002},
  publisher={Tinbergen Institute Working Paper}
}

@book{menard2001applied,
  title={Applied Logistic Regression Analysis},
  author={Menard, Scott},
  year={2001},
  publisher={SAGE Publications}
}

@article{pavelle1981computer,
  title={Computer algebra},
  author={Pavelle, Richard and Rothstein, Michael and Fitch, John},
  journal={Scientific American},
  volume={245},
  number={6},
  pages={136--153},
  year={1981},
  publisher={JSTOR}
}
